<collection xmlns="http://www.loc.gov/MARC21/slim">
   <record>
      <leader>04654cjm a2200649Ii 45 0</leader>
      <controlfield tag="001">6786726</controlfield>
      <controlfield tag="003">OCoLC</controlfield>
      <controlfield tag="005">20150121155524.0</controlfield>
      <controlfield tag="007">sd fsngnnmmned</controlfield>
      <controlfield tag="008">150119r20152013enkmunn  i        n eng d</controlfield>
      <datafield ind1=" " ind2=" " tag="035">
         <subfield code="a">ocn900428786</subfield>
      </datafield>
      <datafield ind1=" " ind2=" " tag="040">
         <subfield code="a">TJC</subfield>
         <subfield code="b">eng</subfield>
         <subfield code="e">rda</subfield>
         <subfield code="c">TJC</subfield>
         <subfield code="d">ARDC</subfield>
      </datafield>
      <datafield ind1=" " ind2=" " tag="047">
         <subfield code="a">rc</subfield>
         <subfield code="a">pp</subfield>
      </datafield>
      <datafield ind1=" " ind2=" " tag="090">
         <subfield code="a">M 1630.18 M65 B47 2014</subfield>
         <subfield code="b">ARDC</subfield>
      </datafield>
      <datafield ind1="0" ind2="4" tag="245">
         <subfield code="a">The best of 2014.</subfield>
      </datafield>
      <datafield ind1="3" ind2=" " tag="246">
         <subfield code="a">Best of twenty-fourteen</subfield>
      </datafield>
      <datafield ind1="1" ind2=" " tag="246">
         <subfield code="i">Title from container spine:</subfield>
         <subfield code="a">Mojo presents the best of 2014</subfield>
      </datafield>
      <datafield ind1=" " ind2="1" tag="264">
         <subfield code="a">[London] :</subfield>
         <subfield code="b">Mojo,</subfield>
         <subfield code="c">2015.</subfield>
      </datafield>
      <datafield ind1=" " ind2=" " tag="300">
         <subfield code="a">1 audio disc (67 min., 17 sec.) :</subfield>
         <subfield code="b">digital, CD audio, stereo ;</subfield>
         <subfield code="c">4 3/4 in.</subfield>
      </datafield>
      <datafield ind1=" " ind2=" " tag="306">
         <subfield code="a">010717</subfield>
      </datafield>
      <datafield ind1=" " ind2=" " tag="336">
         <subfield code="a">performed music</subfield>
         <subfield code="b">prm</subfield>
         <subfield code="2">rdacontent</subfield>
         <subfield code="0">http://id.loc.gov/vocabulary/contentTypes/prm</subfield>
      </datafield>
      <datafield ind1=" " ind2=" " tag="337">
         <subfield code="a">audio</subfield>
         <subfield code="b">s</subfield>
         <subfield code="2">rdamedia</subfield>
         <subfield code="0">http://id.loc.gov/vocabulary/mediaTypes/s</subfield>
      </datafield>
      <datafield ind1=" " ind2=" " tag="338">
         <subfield code="a">audio disc</subfield>
         <subfield code="b">sd</subfield>
         <subfield code="2">rdacarrier</subfield>
         <subfield code="0">http://id.loc.gov/vocabulary/carriers/sd</subfield>
      </datafield>
      <datafield ind1=" " ind2=" " tag="340">
         <subfield code="b">4 3/4 in.</subfield>
      </datafield>
      <datafield ind1=" " ind2=" " tag="344">
         <subfield code="a">digital</subfield>
         <subfield code="b">optical</subfield>
         <subfield code="g">stereo</subfield>
         <subfield code="2">rda</subfield>
      </datafield>
      <datafield ind1=" " ind2=" " tag="347">
         <subfield code="a">audio file</subfield>
         <subfield code="b">CD audio</subfield>
         <subfield code="2">rda</subfield>
      </datafield>
      <datafield ind1=" " ind2=" " tag="500">
         <subfield code="a">Title from disc label.</subfield>
      </datafield>
      <datafield ind1=" " ind2=" " tag="500">
         <subfield code="a">"A 23 Ears production for Mojo magazine"--Insert.</subfield>
      </datafield>
      <datafield ind1=" " ind2=" " tag="500">
         <subfield code="a">"Given away free with MOJO January 2015"--Container.</subfield>
      </datafield>
      <datafield ind1=" " ind2=" " tag="500">
         <subfield code="a">Brief program notes and credits (1 folded sheet) inserted in container.</subfield>
      </datafield>
      <datafield ind1="0" ind2="0" tag="505">
         <subfield code="t">Blue moon</subfield>
         <subfield code="r">(Beck) --</subfield>
         <subfield code="t">Lazaretto</subfield>
         <subfield code="r">(Jack White) --</subfield>
         <subfield code="t">Turn it up</subfield>
         <subfield code="r">(Robert Plant) --</subfield>
         <subfield code="t">Nothing will change</subfield>
         <subfield code="r">(Sharon Van Etten) --</subfield>
         <subfield code="t">Keep in the dark</subfield>
         <subfield code="r">(Temples) --</subfield>
         <subfield code="t">The faker</subfield>
         <subfield code="r">(Ty Segall) --</subfield>
         <subfield code="t">Milly's garden</subfield>
         <subfield code="r">(Steve Gunn) --</subfield>
         <subfield code="t">Turtles all the way down</subfield>
         <subfield code="r">(Sturgill Simpson) --</subfield>
         <subfield code="t">Holiday</subfield>
         <subfield code="r">(Julie Byrne) --</subfield>
         <subfield code="t">Under the pressure</subfield>
         <subfield code="r">(the War on Drugs) --</subfield>
         <subfield code="t">Yangye, the evil leopard</subfield>
         <subfield code="r">(Kasai Allstars) --</subfield>
         <subfield code="t">Wanderlust</subfield>
         <subfield code="r">(Wild Beasts) --</subfield>
         <subfield code="t">Your love will set you free</subfield>
         <subfield code="r">(Caribou) --</subfield>
         <subfield code="t">I keep out of it</subfield>
         <subfield code="r">(Sleaford Mods) --</subfield>
         <subfield code="t">Dirty</subfield>
         <subfield code="r">(the Bug ; feat[uring] Flowdan).</subfield>
      </datafield>
      <datafield ind1=" " ind2=" " tag="508">
         <subfield code="a">Selected by Mojo ; "corralled by" Dave Henderson ; "cajoled by" Alex Penge.</subfield>
      </datafield>
      <datafield ind1="0" ind2=" " tag="511">
         <subfield code="a">Various performers.</subfield>
      </datafield>
      <datafield ind1=" " ind2=" " tag="534">
         <subfield code="p">Originally issued:</subfield>
         <subfield code="c">2013-2014.</subfield>
      </datafield>
      <datafield ind1=" " ind2=" " tag="596">
         <subfield code="a">35</subfield>
      </datafield>
      <datafield ind1=" " ind2="0" tag="650">
         <subfield code="a">Rock music</subfield>
         <subfield code="y">2011-2020.</subfield>
         <subfield code="0">http://id.loc.gov/authorities/subjects/sh2011000500</subfield>
      </datafield>
      <datafield ind1=" " ind2="0" tag="650">
         <subfield code="a">Popular music</subfield>
         <subfield code="y">2011-2020.</subfield>
         <subfield code="0">http://id.loc.gov/authorities/subjects/sh2011002283</subfield>
      </datafield>
      <datafield ind1="0" ind2=" " tag="700">
         <subfield code="a">Beck,</subfield>
         <subfield code="e">performer.</subfield>
         <subfield code="0">http://id.loc.gov/authorities/names/no96060331</subfield>
         <subfield code="0">http://viaf.org/viaf/4997022</subfield>
      </datafield>
      <datafield ind1="1" ind2=" " tag="700">
         <subfield code="a">White, Jack,</subfield>
         <subfield code="d">1975-</subfield>
         <subfield code="e">performer.</subfield>
         <subfield code="0">http://id.loc.gov/authorities/names/no2004009008</subfield>
         <subfield code="0">http://viaf.org/viaf/100321554</subfield>
      </datafield>
      <datafield ind1="1" ind2=" " tag="700">
         <subfield code="a">Plant, Robert,</subfield>
         <subfield code="e">performer.</subfield>
         <subfield code="0">http://id.loc.gov/authorities/names/n91061698</subfield>
         <subfield code="0">http://viaf.org/viaf/84963151</subfield>
      </datafield>
      <datafield ind1="1" ind2=" " tag="700">
         <subfield code="a">Van Etten, Sharon,</subfield>
         <subfield code="e">performer.</subfield>
         <subfield code="0">http://id.loc.gov/authorities/names/no2011024583</subfield>
         <subfield code="0">http://viaf.org/viaf/297115309</subfield>
      </datafield>
      <datafield ind1="1" ind2=" " tag="700">
         <subfield code="a">Segall, Ty,</subfield>
         <subfield code="e">performer.</subfield>
         <subfield code="0">http://id.loc.gov/authorities/names/no2011140729</subfield>
         <subfield code="0">http://viaf.org/viaf/174097741</subfield>
      </datafield>
      <datafield ind1="1" ind2=" " tag="700">
         <subfield code="a">Gunn, Steve,</subfield>
         <subfield code="e">performer.</subfield>
         <subfield code="0">http://id.loc.gov/authorities/names/no2015007685</subfield>
         <subfield code="0">http://viaf.org/viaf/313498126</subfield>
      </datafield>
      <datafield ind1="1" ind2=" " tag="700">
         <subfield code="a">Simpson, Sturgill,</subfield>
         <subfield code="d">1978-</subfield>
         <subfield code="e">performer.</subfield>
         <subfield code="0">http://id.loc.gov/authorities/names/no2014107388</subfield>
         <subfield code="0">http://viaf.org/viaf/310665599</subfield>
      </datafield>
      <datafield ind1="1" ind2=" " tag="700">
         <subfield code="a">Byrne, Julie</subfield>
         <subfield code="q">(Julie Marie),</subfield>
         <subfield code="e">performer.</subfield>
         <subfield code="0">http://id.loc.gov/authorities/names/no2015007711</subfield>
         <subfield code="0">http://viaf.org/viaf/313498148</subfield>
      </datafield>
      <datafield ind1="0" ind2=" " tag="700">
         <subfield code="a">Flowdan,</subfield>
         <subfield code="e">performer.</subfield>
         <subfield code="0">http://id.loc.gov/authorities/names/no2015007653</subfield>
         <subfield code="0">http://viaf.org/viaf/412147905105779090159</subfield>
      </datafield>
      <datafield ind1="2" ind2=" " tag="710">
         <subfield code="a">Temples (Musical group),</subfield>
         <subfield code="e">performer.</subfield>
         <subfield code="0">http://id.loc.gov/authorities/names/no2001061219</subfield>
         <subfield code="0">http://viaf.org/viaf/144579691</subfield>
      </datafield>
      <datafield ind1="2" ind2=" " tag="710">
         <subfield code="a">War on Drugs (Musical group),</subfield>
         <subfield code="e">performer.</subfield>
         <subfield code="0">http://id.loc.gov/authorities/names/no2011026397</subfield>
         <subfield code="0">http://viaf.org/viaf/167800944</subfield>
      </datafield>
      <datafield ind1="2" ind2=" " tag="710">
         <subfield code="a">Kasai Allstars,</subfield>
         <subfield code="e">performer.</subfield>
         <subfield code="0">http://id.loc.gov/authorities/names/no2006027806</subfield>
         <subfield code="0">http://viaf.org/viaf/151692222</subfield>
      </datafield>
      <datafield ind1="2" ind2=" " tag="710">
         <subfield code="a">Wild Beasts (Musical group),</subfield>
         <subfield code="e">performer.</subfield>
         <subfield code="0">http://id.loc.gov/authorities/names/no2009153312</subfield>
         <subfield code="0">http://viaf.org/viaf/138783890</subfield>
      </datafield>
      <datafield ind1="2" ind2=" " tag="710">
         <subfield code="a">Caribou (Musical group),</subfield>
         <subfield code="e">performer.</subfield>
         <subfield code="0">http://id.loc.gov/authorities/names/no2006036744</subfield>
         <subfield code="0">http://viaf.org/viaf/155137767</subfield>
      </datafield>
      <datafield ind1="2" ind2=" " tag="710">
         <subfield code="a">Sleaford Mods (Musical group),</subfield>
         <subfield code="e">performer.</subfield>
         <subfield code="0">http://id.loc.gov/authorities/names/no2014118391</subfield>
         <subfield code="0">http://viaf.org/viaf/310632464</subfield>
      </datafield>
      <datafield ind1="2" ind2=" " tag="710">
         <subfield code="a">Bug (Musical group),</subfield>
         <subfield code="e">performer.</subfield>
         <subfield code="0">http://id.loc.gov/authorities/names/no2005027217</subfield>
         <subfield code="0">http://viaf.org/viaf/132474202</subfield>
      </datafield>
      <datafield ind1="0" ind2=" " tag="730">
         <subfield code="a">Mojo (Periodical)</subfield>
         <subfield code="0">http://id.loc.gov/authorities/names/n2002074773</subfield>
         <subfield code="0">http://viaf.org/viaf/185226850</subfield>
      </datafield>
      <datafield ind1=" " ind2=" " tag="758">
         <subfield code="0">http://worldcat.org/entity/work/id/12884710</subfield>
      </datafield>
      <datafield ind1="0" ind2=" " tag="787">
         <subfield code="n">OCLC Work Id</subfield>
         <subfield code="o">http://worldcat.org/entity/work/id/12884710</subfield>
      </datafield>
      <datafield ind1=" " ind2=" " tag="926">
         <subfield code="a">M 1630.18 M65 B47 2014</subfield>
         <subfield code="w">LC</subfield>
         <subfield code="c">1</subfield>
         <subfield code="i">30125302523807</subfield>
         <subfield code="d">5/7/2015</subfield>
         <subfield code="e">3/11/2015</subfield>
         <subfield code="l">MEDIA</subfield>
         <subfield code="m">RED_DEER_C</subfield>
         <subfield code="n">2</subfield>
         <subfield code="r">Y</subfield>
         <subfield code="s">Y</subfield>
         <subfield code="t">MUSICSOUND</subfield>
         <subfield code="u">1/21/2015</subfield>
      </datafield>
   </record>
</collection>
